
@book{land_introduction_2021,
    shorthand = {Land},
	address = {Cham, Switzerland},
	series = {Compact textbooks in mathematics},
	title = {Introduction to infinity-categories},
	isbn = {9783030615246 9783030615239},
	language = {eng},
	publisher = {Birkh√§user},
	author = {Land, Markus},
	year = {2021},
}

@article{riehl_ssets,
    shorthand = {Riehl},
    author = {Riehl, Emily},
	title = {A LEISURELY INTRODUCTION TO SIMPLICIAL SETS},
    url = {https://math.jhu.edu/~eriehl/ssets.pdf},
}


@misc{lurie_higher_2008,
	title = {Higher {Topos} {Theory}},
    shorthand = {HTT},
	url = {http://arxiv.org/abs/math/0608040},
	doi = {10.48550/arXiv.math/0608040},
	abstract = {This purpose of this book is twofold: to provide a general introduction to higher category theory (using the formalism of "quasicategories" or "weak Kan complexes"), and to apply this theory to the study of higher versions of Grothendieck topoi. A few applications to classical topology are included.},
	urldate = {2024-04-30},
	publisher = {arXiv},
	author = {Lurie, Jacob},
	month = jul,
	year = {2008},
	note = {arXiv:math/0608040},
	keywords = {Mathematics - Category Theory, Mathematics - Algebraic Topology, 55U40 (Primary), 18B25 (Secondary, 18G30 (Secondary)},
}

@article{gallauer,
  author          = {Gallauer, Martin},
  shorthand = {Gall},
  title = {Infinity categories: a first course},
  url = {https://homepages.warwick.ac.uk/staff/Martin.Gallauer/teaching/23icats/icats.pdf},
}